{
  "leader": "03715cam a2200517 a 4500",
  "fields": [
    {
      "001": "ocm35092667\\"
    },
    {
      "003": "OCoLC"
    },
    {
      "005": "20220711160545.0"
    },
    {
      "008": "960716s1996\\\\\\\\nyuaf\\\\\\\\b\\\\\\\\001\\0\\eng\\d"
    },
    {
      "010": {
        "ind1": "\\",
        "ind2": "\\",
        "subfields": [
          {
            "a": "   96177888 "
          }
        ]
      }
    },
    {
      "040": {
        "ind1": "\\",
        "ind2": "\\",
        "subfields": [
          {
            "a": "IaCr"
          },
          {
            "b": "eng"
          },
          {
            "c": "DLC"
          },
          {
            "d": "MLX"
          },
          {
            "d": "BTCTA"
          },
          {
            "d": "YDXCP"
          },
          {
            "d": "OCLCG"
          },
          {
            "d": "IFA"
          },
          {
            "d": "WPB"
          },
          {
            "d": "GVA"
          },
          {
            "d": "OCLCO"
          },
          {
            "d": "OCLCF"
          },
          {
            "d": "OCLCQ"
          },
          {
            "d": "OCLCO"
          },
          {
            "d": "CGN"
          },
          {
            "d": "BRL"
          },
          {
            "d": "OCL"
          },
          {
            "d": "HLS"
          },
          {
            "d": "OCL"
          },
          {
            "d": "OCLCO"
          }
        ]
      }
    },
    {
      "019": {
        "ind1": "\\",
        "ind2": "\\",
        "subfields": [
          {
            "a": "1032645050"
          }
        ]
      }
    },
    {
      "020": {
        "ind1": "\\",
        "ind2": "\\",
        "subfields": [
          {
            "a": "0684196700"
          }
        ]
      }
    },
    {
      "020": {
        "ind1": "\\",
        "ind2": "\\",
        "subfields": [
          {
            "a": "9780684196701"
          }
        ]
      }
    },
    {
      "035": {
        "ind1": "\\",
        "ind2": "\\",
        "subfields": [
          {
            "a": "(OCoLC)35092667"
          },
          {
            "z": "(OCoLC)1032645050"
          }
        ]
      }
    },
    {
      "042": {
        "ind1": "\\",
        "ind2": "\\",
        "subfields": [
          {
            "a": "lccopycat"
          }
        ]
      }
    },
    {
      "043": {
        "ind1": "\\",
        "ind2": "\\",
        "subfields": [
          {
            "a": "n-us---"
          }
        ]
      }
    },
    {
      "050": {
        "ind1": "0",
        "ind2": "0",
        "subfields": [
          {
            "a": "HV5825"
          },
          {
            "b": ".J65 1996"
          }
        ]
      }
    },
    {
      "060": {
        "ind1": "\\",
        "ind2": "4",
        "subfields": [
          {
            "a": "362.29 J79h"
          }
        ]
      }
    },
    {
      "082": {
        "ind1": "0",
        "ind2": "4",
        "subfields": [
          {
            "a": "362.290973"
          },
          {
            "b": "JON"
          }
        ]
      }
    },
    {
      "100": {
        "ind1": "1",
        "ind2": "\\",
        "subfields": [
          {
            "a": "Jonnes, Jill,"
          },
          {
            "d": "1952-"
          }
        ]
      }
    },
    {
      "245": {
        "ind1": "1",
        "ind2": "0",
        "subfields": [
          {
            "a": "Hep-cats, narcs, and pipe dreams :"
          },
          {
            "b": "a history of America's romance with illegal drugs /"
          },
          {
            "c": "Jill Jonnes."
          }
        ]
      }
    },
    {
      "260": {
        "ind1": "\\",
        "ind2": "\\",
        "subfields": [
          {
            "a": "New York, NY :"
          },
          {
            "b": "Scribner,"
          },
          {
            "c": "\u00a91996."
          }
        ]
      }
    },
    {
      "300": {
        "ind1": "\\",
        "ind2": "\\",
        "subfields": [
          {
            "a": "510 pages, 16 unnumbered pages of plates :"
          },
          {
            "b": "illustrations ;"
          },
          {
            "c": "25 cm"
          }
        ]
      }
    },
    {
      "336": {
        "ind1": "\\",
        "ind2": "\\",
        "subfields": [
          {
            "a": "text"
          },
          {
            "b": "txt"
          },
          {
            "2": "rdacontent"
          }
        ]
      }
    },
    {
      "337": {
        "ind1": "\\",
        "ind2": "\\",
        "subfields": [
          {
            "a": "unmediated"
          },
          {
            "b": "n"
          },
          {
            "2": "rdamedia"
          }
        ]
      }
    },
    {
      "338": {
        "ind1": "\\",
        "ind2": "\\",
        "subfields": [
          {
            "a": "volume"
          },
          {
            "b": "nc"
          },
          {
            "2": "rdacarrier"
          }
        ]
      }
    },
    {
      "504": {
        "ind1": "\\",
        "ind2": "\\",
        "subfields": [
          {
            "a": "Includes bibliographical references and index."
          }
        ]
      }
    },
    {
      "505": {
        "ind1": "2",
        "ind2": "\\",
        "subfields": [
          {
            "a": "America's first drug epidemic 1885-1925 -- America's second drug epidemic 1950-1970 -- The counterculture 1960-1975 -- America's third drug epidemic 1980-1995."
          }
        ]
      }
    },
    {
      "505": {
        "ind1": "0",
        "ind2": "\\",
        "subfields": [
          {
            "a": "America's first drug epidemic 1885-1925. \"One day you find yourself in hell\" ; \"Had the dope habit and had it bad\" ; \"The Congress should take immediate action on the antinarcotic legislation\" ; \"A cinema crowd of cocaine-crazed sexual lunatics\" ; \"Arnold Rothstein, financial genius of the underworld plutocracy ; \"It can be safely stated that the days of the 500 kilo deliveries have passed\" -- America's second drug epidemic 1950-1970. \"The sky is high and so am I\" ; \"His fame spread throughout the world\" ; \"Marseille is unquestionably the most important narcotics smuggler's haven in all of Europe\" ; \"Agents were engaged in illicit activities\" -- The counterculture 1960-1975. \"Burning for the heavenly connection\" ; \"One pill makes you larger\" ; \"Everybody must get stoned\" ; \"The problem has assumed the dimensions of a national emergency\" -- America's third drug epidemic 1980-1995. \"High on cocaine\" ; The Columbian cartels are \"far more dangerous than any criminal enterprise in U.S. history\" ; \"Now everyone was into smoking crack\" ; \"Coke is addicting, health-ruining, home-wrecking, and worst of all, career-wrecking\" ; \"You have to pay up somewhere along the line.\""
          }
        ]
      }
    },
    {
      "520": {
        "ind1": "\\",
        "ind2": "\\",
        "subfields": [
          {
            "a": "Traces the spread of illegal drugs throughout our culture: from the freewheeling Prohibition era through World War II, to the 'flower power' 1960s right right up to the present, when stories about crack babies and the resurgence of heroin dominate newspaper headlines and confronts a contemporary controversial issue--the legalization of drugs."
          }
        ]
      }
    },
    {
      "650": {
        "ind1": "\\",
        "ind2": "0",
        "subfields": [
          {
            "a": "Drug abuse"
          },
          {
            "z": "United States"
          },
          {
            "x": "History."
          }
        ]
      }
    },
    {
      "650": {
        "ind1": "\\",
        "ind2": "0",
        "subfields": [
          {
            "a": "Pharmaceutical policy"
          },
          {
            "z": "United States"
          },
          {
            "x": "History."
          }
        ]
      }
    },
    {
      "650": {
        "ind1": "\\",
        "ind2": "0",
        "subfields": [
          {
            "a": "Drug traffic"
          },
          {
            "z": "United States"
          },
          {
            "x": "History."
          }
        ]
      }
    },
    {
      "650": {
        "ind1": "\\",
        "ind2": "0",
        "subfields": [
          {
            "a": "Drug abuse"
          },
          {
            "x": "Government policy"
          },
          {
            "z": "United States."
          }
        ]
      }
    },
    {
      "651": {
        "ind1": "\\",
        "ind2": "7",
        "subfields": [
          {
            "a": "United States."
          },
          {
            "2": "fast"
          },
          {
            "0": "(OCoLC)fst01204155"
          }
        ]
      }
    },
    {
      "650": {
        "ind1": "\\",
        "ind2": "7",
        "subfields": [
          {
            "a": "Pharmaceutical policy."
          },
          {
            "2": "fast"
          },
          {
            "0": "(OCoLC)fst01060194"
          }
        ]
      }
    },
    {
      "650": {
        "ind1": "\\",
        "ind2": "7",
        "subfields": [
          {
            "a": "Drug traffic."
          },
          {
            "2": "fast"
          },
          {
            "0": "(OCoLC)fst00898722"
          }
        ]
      }
    },
    {
      "650": {
        "ind1": "\\",
        "ind2": "7",
        "subfields": [
          {
            "a": "Drug abuse."
          },
          {
            "2": "fast"
          },
          {
            "0": "(OCoLC)fst00898480"
          }
        ]
      }
    },
    {
      "650": {
        "ind1": "\\",
        "ind2": "7",
        "subfields": [
          {
            "a": "Drug abuse"
          },
          {
            "x": "Government policy."
          },
          {
            "2": "fast"
          },
          {
            "0": "(OCoLC)fst00898497"
          }
        ]
      }
    },
    {
      "655": {
        "ind1": "\\",
        "ind2": "7",
        "subfields": [
          {
            "a": "History."
          },
          {
            "2": "fast"
          },
          {
            "0": "(OCoLC)fst01411628"
          }
        ]
      }
    },
    {
      "776": {
        "ind1": "0",
        "ind2": "8",
        "subfields": [
          {
            "i": "Online version:"
          },
          {
            "a": "Jonnes, Jill, 1952-"
          },
          {
            "t": "Hep-cats, narcs, and pipe dreams."
          },
          {
            "d": "New York, NY : Scribner, \u00a91996"
          },
          {
            "w": "(OCoLC)651961924"
          }
        ]
      }
    },
    {
      "856": {
        "ind1": "4",
        "ind2": "1",
        "subfields": [
          {
            "3": "Cover"
          },
          {
            "u": "http://nrs.harvard.edu/urn-3:FHCL:27731896"
          },
          {
            "x": "keycontent"
          }
        ]
      }
    },
    {
      "994": {
        "ind1": "\\",
        "ind2": "\\",
        "subfields": [
          {
            "a": "Z0"
          },
          {
            "b": "NYRVC"
          }
        ]
      }
    },
    {
      "948": {
        "ind1": "\\",
        "ind2": "\\",
        "subfields": [
          {
            "h": "NO HOLDINGS IN NYRVC - 1027 OTHER HOLDINGS"
          }
        ]
      }
    },
    {
      "999": {
        "ind1": "\\",
        "ind2": "\\",
        "subfields": [
          {
            "a": "00000000019037"
          }
        ]
      }
    }
  ]
}